
@book{pyomobook,
title={Pyomo--optimization modeling in python},
author={Bynum, Michael L. and Hackebeil, Gabriel A. and Hart, William E. and Laird, Carl D. and Nicholson, Bethany L. and Siirola, John D. and Watson, Jean-Paul and Woodruff, David L.},
edition={Third},
volume={67},
year={2021},
publisher={Springer Science \& Business Media}
}

@article{mpi-sppy,
   title = {A Parallel Hub-and-Spoke System for Large-Scale Scenario-Based Optimization
            Under Uncertainty},
   author = {Bernard Knueven and David Mildebrath and Christopher Muir and
             John Siirola and Jean-Paul Watson and David Woodruff},
   year = {2023},
   journal = {to appear in Mathematical Programming Computation}
  }
  
@article{sslp,
  author= {Lewis Ntaimo and Suvrajeet Sen},
  title = {The million-variable march for stochastic combinatorial optimization},
journal = {Journal of Global Optimization}, 
volume = {32},
pages = {385-400}, 
year = {2005}
}

@misc{gurobi,  author = "{Gurobi Optimization, LLC}",  title = "Gurobi Optimizer Reference Manual",  year = 2020,  howpublished = "http://www.gurobi.com"}

@Article{ph,
  Title                    = {Scenarios and policy aggregation in optimization under uncertainty},
  Author                   = {Rockafellar, R Tyrrell and Wets, Roger J-B},
  Journal                  = {Mathematics of Operations Research},
  Year                     = {2004},
  Number                   = {1},
  Pages                    = {119--147},
  Volume                   = {16},

  Publisher                = {INFORMS}
}

@Article{gadeetal16,
  Title                    = {Obtaining lower bounds from the progressive hedging algorithm for stochastic mixed-integer programming},
  Author                   = {D. Gade and G. Hackebeil and S. Ryan and J.-P. Watson and R. Wets and D. Woodruff},
  Journal                  = {Mathematical Programming},
  Year                     = {2016},
  Number                   = {1},
  Pages                    = {47--67},
  Volume                   = {157},

  Owner                    = {david},
  Timestamp                = {2020.01.16}
}

@misc{sslpfortime,  author = "{David L. Woodruff}",  title = "Wall Clock Time for the SSLP",  year = 2016,  howpublisehd = "https://github.com/DLWoodruff/sslp-pysp/blob/master/sslpfortime.pdf"}

@article{WW,
author = {Watson, Jean-Paul and Woodruff, David L.},
year = {2011},
title = {Progressive hedging innovations for a class of stochastic mixed-integer resource allocation problems},
journal = {Computational Management Science},
pages = {355 -- 370},
volume = {8},
issue = {4}
}
